
@article{Gomes2019OTM,
  title={{Open Traffic Models - A framework for hybrid simulation of transportation networks}},
  author={Gabriel Gomes},
  journal={Submitted for consideration to the Journal of Simulation.},
  year={2019}
  }

@article{DaganzoCTM,
  title={The cell transmission model: A dynamic representation of highway traffic consistent with the hydrodynamic theory},
  author={Carlos Daganzo},
  journal={Transportation Research Part B: Methodological},
  year={1994},
  volume={28},
  number={4},
  pages={269--287}
}

@article{nagel2001parallel,
  title={{Parallel implementation of the TRANSIMS micro-simulation}},
  author={Nagel, Kai and Rickert, Marcus},
  journal={Parallel Computing},
  volume={27},
  number={12},
  pages={1611--1639},
  year={2001},
  publisher={Elsevier}
}

@inproceedings{thulasidasan2009accelerating,
  title={Accelerating traffic microsimulations: A parallel discrete-event queue-based approach for speed and scale},
  author={Thulasidasan, Sunil and Eidenbenz, Stephan},
  booktitle={Winter Simulation Conference},
  pages={2457--2466},
  year={2009},
  organization={Winter Simulation Conference}
}

@article{nokel2002parallel,
  title={{Parallel DYNEMO: Meso-scopic traffic flow simulation on large networks}},
  author={N{\"o}kel, Klaus and Schmidt, Matthias},
  journal={Networks and Spatial Economics},
  volume={2},
  number={4},
  pages={387--403},
  year={2002},
  publisher={Springer}
}

@article{cameron1996paramics,
  title={{PARAMICS, Parallel microscopic simulation of road traffic}},
  author={Cameron, Gordon DB and Duncan, Gordon ID},
  journal={The Journal of Supercomputing},
  volume={10},
  number={1},
  pages={25--53},
  year={1996},
  publisher={Springer}
}

@article{robertson1969transyt,
  title={{TRANSYT: a traffic network study tool}},
  author={Robertson, Dennis I},
  journal={RRL Report LR 253, Road Research Laboratory.},
  year={1969}
}

@article{chronopoulos1998real,
  title={A real-time traffic simulation system},
  author={Chronopoulos, Anthony Theodore and Johnston, Charles Michael},
  journal={IEEE Transactions on Vehicular Technology},
  volume={47},
  number={1},
  pages={321--331},
  year={1998},
  publisher={IEEE}
}

@inproceedings{sewall2010continuum,
  title={Continuum traffic simulation},
  author={Sewall, Jason and Wilkie, David and Merrell, Paul and Lin, Ming C},
  booktitle={Computer Graphics Forum},
  volume={29},
  number={2},
  pages={439--448},
  year={2010},
  organization={Wiley Online Library}
}

@article{ferrer1993aimsun2,
  title={{AIMSUN2: Advanced interactive microscopic simulator for urban and non-urban networks}},
  author={Ferrer, Jaime L and Barcel{\'o}, Jaime},
  journal={Research Report},
  year={1993},
  publisher={Departamento de Estad{\'\i}stica e Investigaci{\'o}n Operativa, Facultad de Inform{\'a}tica Universidad Polit{\'e}cnica de Catalu{\~n}a}
}

@misc{aboutBeam,
  author = {Sheppard, Colin and Waraich, Rashid},
  title = {{About BEAM}},
  howpublished = {\url{https://github.com/LBNL-UCB-STI/beam}},
  note = {Accessed: 2020-03-01}
}

@misc{otmmpi,
  title = {{OTM-MPI}},
  howpublished = {\url{https://github.com/ggomes/otm-mpi}},
  note = {Accessed: 2020-03-01}
}

@inproceedings{behrisch2011sumo,
  title={{SUMO - Simulation of urban mobility}},
  author={Behrisch, Michael and Bieker, Laura and Erdmann, Jakob and Krajzewicz, Daniel},
  booktitle={The Third International Conference on Advances in System Simulation (SIMUL 2011), Barcelona, Spain},
  volume={42},
  year={2011}
}

@article{lee2002framework,
  title={A framework for parallel traffic simulation using multiple instancing of a simulation program},
  author={Lee, Der-Horng and Chandrasekar, P},
  journal={ITS Journal},
  volume={7},
  number={3-4},
  pages={279--294},
  year={2002},
  publisher={Taylor \& Francis}
}


@article{auld2016polaris,
  title={{POLARIS: Agent-based modeling framework development and implementation for integrated travel demand and network and operations simulations}},
  author={Auld, Joshua and Hope, Michael and Ley, Hubert and Sokolov, Vadim and Xu, Bo and Zhang, Kuilin},
  journal={Transportation Research Part C: Emerging Technologies},
  volume={64},
  pages={101--116},
  year={2016},
  publisher={Elsevier}
}

@inproceedings{chan2018mobiliti,
  title={Mobiliti: Scalable Transportation Simulation Using High-Performance Parallel Computing},
  year=2018,
  author={Chan, Cy and Wang, Bin and Bachan, John and Macfarlane, Jane},
  booktitle={To appear: IEEE International Conference on Intelligent Transportation Systems (ITSC)(November 2018)}
}

@book{horni2016multi,
  title={The multi-agent transport simulation MATSim},
  author={Horni, Andreas and Nagel, Kai and Axhausen, Kay W},
  year={2016},
  publisher={Ubiquity Press London:}
}

@misc{actorModel,
  title = {Actor Model},
  howpublished = {\url{https://en.wikipedia.org/wiki/Actor_model#Message-passing_semantics}},
  note = {Accessed: 2020-03-01}
}

@misc{otmtools,
  title = {{OTM Tools}},
  howpublished = {\url{github.com/ggomes/otm-tools}},
  note = {Accessed: 2020-03-01}
}

@misc{gasnet,
  title = {{GASNet}},
  howpublished = {\url{https://gasnet.lbl.gov/}},
  note = {Accessed: 2020-03-01}
}



@misc{akka,
  title = {akka},
  howpublished = {\url{https://akka.io/}},
  note = {Accessed: 2020-03-01}
}

@article{haklay2008openstreetmap,
  title={{OpenStreetMap: User-generated street maps}},
  author={Haklay, Mordechai and Weber, Patrick},
  journal={IEEE Pervasive Computing},
  volume={7},
  number={4},
  pages={12--18},
  year={2008},
  publisher={Ieee}
}


@misc{Cori,
  title = {Cori},
  howpublished = {\url{http://www.nersc.gov/users/computational-systems/cori/}},
  note = {Accessed: 2020-03-01}
}

@inproceedings{aydt2013multi,
  title={{A multi-threaded execution model for the agent-based SEMSim traffic simulation}},
  author={Aydt, Heiko and Xu, Yadong and Lees, Michael and Knoll, Alois},
  booktitle={Asian Simulation Conference},
  pages={1--12},
  year={2013},
  organization={Springer}
}

@techreport{osogami2012research,
  title={{Research Report IBM Mega Traffic Simulator}},
  author={Osogami, T and Imamichi, T and Mizuta, H and Morimura, T and Raymond, R and Suzumura, T and Takahashi, R and Id, T},
  year={2012},
  institution={Technical report}
}

@inproceedings{strippgen2009multi,
  title={{Multi-agent traffic simulation with CUDA}},
  author={Strippgen, David and Nagel, Kai},
  booktitle={High Performance Computing \& Simulation, 2009. HPCS'09. International Conference on},
  pages={106--114},
  year={2009},
  organization={IEEE}
}

@inproceedings{xu2014mesoscopic,
  title={{Mesoscopic traffic simulation on CPU/GPU}},
  author={Xu, Yan and Tan, Gary and Li, Xiaosong and Song, Xiao},
  booktitle={Proceedings of the 2nd ACM SIGSIM Conference on Principles of Advanced Discrete Simulation},
  pages={39--50},
  year={2014},
  organization={ACM}
}

@article{song2017supporting,
  title={{Supporting real-world network-oriented mesoscopic traffic simulation on GPU}},
  author={Song, Xiao and Xie, Ziping and Xu, Yan and Tan, Gary and Tang, Wenjie and Bi, Jing and Li, Xiaosong},
  journal={Simulation Modelling Practice and Theory},
  volume={74},
  pages={46--63},
  year={2017},
  publisher={Elsevier}
}

@inproceedings{johnston1999parallelization,
  title={The parallelization of a highway traffic flow simulation},
  author={Johnston, Charles M and Chronopoulos, Anthony T},
  booktitle={Frontiers of Massively Parallel Computation, 1999. Frontiers' 99. The Seventh Symposium on the},
  pages={192--199},
  year={1999},
  organization={IEEE}
}

@article{van2015traffic,
  title={{Traffic flow modeling: A genealogy}},
  author={van Wageningen-Kessels, Femke and Hoogendoorn, Serge P and Vuik, Kees and van Lint, Hans},
  journal={Transportation Research E-Circular},
  number={E-C195},
  year={2015}
}
@inproceedings{greenshields1934photographic,
  title={The photographic method of studying traffic behavior},
  author={Greenshields, Bruce Douglas and Thompson, JT and Dickinson, HC and Swinton, RS},
  booktitle={Highway Research Board Proceedings},
  volume={13},
  year={1934}
}

@article{nie2010solving,
  title={Solving the dynamic user optimal assignment problem considering queue spillback},
  author={Nie, Yu Marco and Zhang, H Michael},
  journal={Networks and Spatial Economics},
  volume={10},
  number={1},
  pages={49--71},
  year={2010},
  publisher={Springer}
}

@misc{kaku:98a,
    AUTHOR = {G. Karypis and V. Kumar},
    TITLE = {{METIS - Serial graph partitioning and computing fill-reducing matrix ordering}},
    NOTE = {University of Minnesota. 
         \url{http://glaros.dtc.umn.edu/gkhome/views/metis}}
}
